@misc{OMS,
  title = {{Organisation mondiale de la santé} Thème de santé, Obésité.},
  howpublished = {\url{https://www.who.int/topics/obesity/fr/}},
  note = {Accessed: 2020-01-23}
  }
  @misc{inserm,
  title = {{Inserm} Dossier information : Obésité.},
  howpublished = {\url{https://www.inserm.fr/information-en-sante/dossiers-information/obesite}},
  note = {Accessed: 2020-01-23}
  }
  @misc{OpenRefine,
  title = {{OpenRefine} Github-wiki : Clustering in Depth},
  howpublished = {\url{https://github.com/OpenRefine/OpenRefine/wiki/Clustering-In-Depth}},
  note = {Accessed: 2020-01-23}
  }
